% Encoding: UTF-8

@Book{cardenas1973algebra,
  author = {C{\'a}rdenas, Humberto},
  title  = {{\'A}lgebra superior},
  year   = {1973},
}

@Comment{jabref-meta: databaseType:bibtex;}
